<?xml version="1.0" encoding="UTF-8"?><collection xmlns="http://www.loc.gov/MARC21/slim"><record><leader>00320nam--2200121-i-4500</leader><controlfield tag="001">000047326</controlfield><controlfield tag="002">20161230</controlfield><controlfield tag="005">20161230201046</controlfield><controlfield tag="008">060222s1000------------r-----000-0-eng-d</controlfield><datafield ind1=" " ind2=" " tag="080"><subfield code="a">5:92(4)</subfield></datafield><datafield ind1=" " ind2=" " tag="245"><subfield code="a">Who`s eho in science in europe. second edition</subfield></datafield><datafield ind1=" " ind2=" " tag="260"><subfield code="a">London, Francis Hodgson Ltd.,1972. /1329-1933</subfield></datafield><datafield ind1=" " ind2=" " tag="852"><subfield code="a">35762</subfield></datafield></record></collection>